<?xml version="1.0" encoding="UTF-8"?><collection xmlns="http://www.loc.gov/MARC21/slim"><record><leader>00629nam--2200205-i-4500</leader><controlfield tag="001">000028691</controlfield><controlfield tag="002">20161230</controlfield><controlfield tag="005">20161230201037</controlfield><controlfield tag="008">060222s1000------------r-----000-0-eng-d</controlfield><datafield ind1=" " ind2=" " tag="020"><subfield code="a">0444852662</subfield></datafield><datafield ind1=" " ind2=" " tag="040"><subfield code="a">IFIN-HH</subfield></datafield><datafield ind1=" " ind2=" " tag="080"><subfield code="a">523.2:523.9</subfield></datafield><datafield ind1="1" ind2=" " tag="100"><subfield code="a">Kennel, Charles F</subfield></datafield><datafield ind1="1" ind2="0" tag="245"><subfield code="a">Solar system plasma physics</subfield><subfield code="b">Volume ii. magnetospheres</subfield><subfield code="c">Charles f. kennel, louis j. lanzerotti, e.n. parker (eds.)</subfield></datafield><datafield ind1=" " ind2=" " tag="260"><subfield code="a">Amsterdam</subfield><subfield code="b">North-holland Publishing Company</subfield><subfield code="c">1979</subfield></datafield><datafield ind1=" " ind2=" " tag="300"><subfield code="a">X+402P.+XLIX</subfield></datafield><datafield ind1=" " ind2=" " tag="490"><subfield code="a">Solar System Plasma Physics</subfield></datafield><datafield ind1="1" ind2=" " tag="700"><subfield code="a">Parker, E.N</subfield><subfield code="e">Ed</subfield></datafield><datafield ind1=" " ind2=" " tag="852"><subfield code="a">47058</subfield><subfield code="c">523</subfield></datafield><datafield ind1=" " ind2=" " tag="CAT"><subfield code="a">Sys</subfield><subfield code="c">20141203</subfield><subfield code="h">131844</subfield></datafield></record></collection>